% This file was created with JabRef 2.7.
% Encoding: Cp1250


@INPROCEEDINGS{2011IEEEIntGoldman,
  author = {Goldman, M.  and Cervo, E.  and Melle, A.  and Wilson, B.  and Tigrek,
	S.  and Agyei-Ntim, F.  and Newman, K. E.  and Barnes, F.  and Blei,
	M. },
  title = {Remotely controlled communication and control system for limited
	mobility individuals},
  booktitle = {Proc. 13th IEEE Int e-Health Networking Applications and Services
	(Healthcom) Conf},
  year = {2011},
  pages = {90--93}
}

@INPROCEEDINGS{2011IEEERadioMitchell,
  author = {Mitchell, M.  and Sposaro, F.  and Wang, A.-I. A.  and Tyson, G.},
  title = {BEAT: Bio-Environmental Android Tracking},
  booktitle = {Proc. IEEE Radio and Wireless Symp. (RWS)},
  year = {2011},
  pages = {402--405}
}


@INPROCEEDINGS{2011DroidColunas,
  author = {Colunas, M.F.M. and Fernandes, J.M.A. and Oliveira, I.C. and Cunha,
	J.P.S.},
  title = {Droid Jacket: Using an Android based smartphone for team monitoring},
  booktitle = {Wireless Communications and Mobile Computing Conference (IWCMC),
	2011 7th International},
  year = {2011},
  pages = {2157 -2161},
  month = {july}
}


@INPROCEEDINGS{2010AndroidHashimi,
  author = { Sayed Y. Hashimi, Satya Komatineni, and Dave MacLean},
  title = {Pro Android 2 },
  year = {2010}
}

