% This file was created with JabRef 2.7.
% Encoding: Cp1250

@INPROCEEDINGS{2009UltraDeponti,
  author = {Deponti, D. and Maggiorini, D. and Palazzi, C. E.},
  title = {DroidGlove: An android-based application for wrist rehabilitation},
  booktitle = {Proc. Int. Conf. Ultra Modern Telecommunications \& Workshops ICUMT
	'09},
  year = {2009},
  pages = {1--7}
}

@INPROCEEDINGS{2010ComputingEttinger,
  author = {van Ettinger, M. J. B.  and Lipton, J. A.  and Nelwan, S. P.  and
	van Dam, T. B.  and van der Putten, N. H. J. J.},
  title = {Multimedia paging for clinical alarms on mobile platforms},
  booktitle = {Proc. Computing in Cardiology},
  year = {2010},
  pages = {57--60}
}

@INPROCEEDINGS{2011IEEEIntGoldman,
  author = {Goldman, M.  and Cervo, E.  and Melle, A.  and Wilson, B.  and Tigrek,
	S.  and Agyei-Ntim, F.  and Newman, K. E.  and Barnes, F.  and Blei,
	M. },
  title = {Remotely controlled communication and control system for limited
	mobility individuals},
  booktitle = {Proc. 13th IEEE Int e-Health Networking Applications and Services
	(Healthcom) Conf},
  year = {2011},
  pages = {90--93}
}

@INPROCEEDINGS{2011IEEERadioMitchell,
  author = {Mitchell, M.  and Sposaro, F.  and Wang, A.-I. A.  and Tyson, G.},
  title = {BEAT: Bio-Environmental Android Tracking},
  booktitle = {Proc. IEEE Radio and Wireless Symp. (RWS)},
  year = {2011},
  pages = {402--405}
}

@INPROCEEDINGS{2009IEEEEngineeringSposaro,
  author = {Sposaro, F.  and Tyson, G.},
  title = {iFall: An android application for fall monitoring and response},
  booktitle = {Proc. Annual Int. Conf. of the IEEE Engineering in Medicine and Biology
	Society EMBC 2009},
  year = {2009},
  pages = {6119--6122}
}

@INPROCEEDINGS{2011DroidColunas,
  author = {Colunas, M.F.M. and Fernandes, J.M.A. and Oliveira, I.C. and Cunha,
	J.P.S.},
  title = {Droid Jacket: Using an Android based smartphone for team monitoring},
  booktitle = {Wireless Communications and Mobile Computing Conference (IWCMC),
	2011 7th International},
  year = {2011},
  pages = {2157 -2161},
  month = {july}
}

@INPROCEEDINGS{2010IEEEEMBCDoukas,
  author = {Doukas, C. and Pliakas, T. and Maglogiannis, I.},
  title = {Mobile healthcare information management utilizing Cloud Computing
	and Android OS},
  booktitle = {Engineering in Medicine and Biology Society (EMBC), 2010 Annual International
	Conference of the IEEE},
  year = {2010},
  pages = {1037 -1040},
  month = {31 2010-sept. 4}
}

@INPROCEEDINGS{2010IEEEEMBCSposaro,
  author = {Sposaro, F. and Danielson, J. and Tyson, G.},
  title = {iWander: An Android application for dementia patients},
  booktitle = {Engineering in Medicine and Biology Society (EMBC), 2010 Annual International
	Conference of the IEEE},
  year = {2010},
  pages = {3875 -3878},
  month = {31 2010-sept. 4}
}

@INPROCEEDINGS{2009IEEEBIBEWang,
  author = {Mei-Ying Wang and Zao, J.K. and Tsai, P.H. and Liu, J.W.S.},
  title = {Wedjat: A Mobile Phone Based Medicine In-take Reminder and Monitor},
  booktitle = {Bioinformatics and BioEngineering, 2009. BIBE '09. Ninth IEEE International
	Conference on},
  year = {2009},
  pages = {423 -430},
  month = {june}
}

@INPROCEEDINGS{2010NISSYang,
  author = {Chao-Tung Yang and Yen-Yu Chu and Shyh-Chang Tsaur},
  title = {Implementation of a medical information service on Android mobile
	devices},
  booktitle = {New Trends in Information Science and Service Science (NISS), 2010
	4th International Conference on},
  year = {2010},
  pages = {72 -77},
  month = {may}
}

@INPROCEEDINGS{2010AndroidHashimi,
  author = { Sayed Y. Hashimi, Satya Komatineni, and Dave MacLean},
  title = {Pro Android 2 },
  year = {2010}
}

